<?xml version="1.0" encoding="UTF-8" ?>
<record Numero="14844193" format="InterXMarc_Complet" type="Authority">
<leader>01531c0 au22000272  45  <Pos Code="0004">01531</Pos>
<Pos Code="05" Sens="notice modifiée">c</Pos>
<Pos Code="06" Sens="notice validée par les services d&apos;autorité">0</Pos>
<Pos Code="08" Sens="notice d&apos;autorité">a</Pos>
<Pos Code="09" Sens="titre uniforme musical (TUM)">u</Pos>
<Pos Code="10">2</Pos>
<Pos Code="11">2</Pos>
<Pos Code="1216">00027</Pos>
<Pos Code="17" Sens="autres cas">2</Pos>
<Pos Code="20">4</Pos>
<Pos Code="21">5</Pos>
</leader>
<controlfield tag="001">FRBNF148441938<Pos Code="0001">FR</Pos>
<Pos Code="0204">BNF</Pos>
<Pos Code="0512">14844193</Pos>
<Pos Code="13">8</Pos>
</controlfield>
<controlfield tag="008">040901090716yyfre mld       1913      1914                   1   <Pos Code="0001">04</Pos>
<Pos Code="0203">09</Pos>
<Pos Code="0405">01</Pos>
<Pos Code="0607">09</Pos>
<Pos Code="0809">07</Pos>
<Pos Code="1011">16</Pos>
<Pos Code="1213" Sens="ne s&apos;applique pas">yy</Pos>
<Pos Code="1416" Sens="français">fre</Pos>
<Pos Code="1820" Sens="mélodie">mld</Pos>
<Pos Code="2831">1913</Pos>
<Pos Code="3841">1914</Pos>
<Pos Code="61" Sens="La vedette peut être liée à une notice bibliographique sauf pour l&apos;accès matière RAMEAU">1</Pos>
</controlfield>
<datafield tag="048" ind1=" " ind2=" ">
	<subfield code="b">vd01<Pos Code="0001" Sens="voix - ténor">vd</Pos>
<Pos Code="02">0</Pos>
<Pos Code="03">1</Pos>
</subfield>
	<subfield code="a">ka01<Pos Code="0001" Sens="clavier - piano">ka</Pos>
<Pos Code="02">0</Pos>
<Pos Code="03">1</Pos>
</subfield>
	<subfield code="a">oa01<Pos Code="0001" Sens="orchestre - orchestre symphonique XIXe-XXe s.">oa</Pos>
<Pos Code="02">0</Pos>
<Pos Code="03">1</Pos>
</subfield>
</datafield>
<datafield tag="100" ind1=" " ind2=" ">
	<subfield code="3">13891732</subfield>
	<subfield code="w"> 0  b     </subfield>
	<subfield code="a">Boulanger</subfield>
	<subfield code="m">Lili</subfield>
	<subfield code="d">1893-1918</subfield>
</datafield>
<datafield tag="144" ind1="1" ind2=" ">
	<subfield code="w">....b.fre.</subfield>
	<subfield code="a">Clairières dans le ciel</subfield>
</datafield>
<datafield tag="302" ind1=" " ind2=" ">
	<subfield code="3">14019205</subfield>
	<subfield code="a">Boulanger</subfield>
	<subfield code="m">Lili</subfield>
	<subfield code="d">1893-1918</subfield>
	<subfield code="t">[Elle était descendue au bas de la prairie]</subfield>
</datafield>
<datafield tag="302" ind1=" " ind2=" ">
	<subfield code="3">14019207</subfield>
	<subfield code="a">Boulanger</subfield>
	<subfield code="m">Lili</subfield>
	<subfield code="d">1893-1918</subfield>
	<subfield code="t">[Elle est gravement gaie]</subfield>
</datafield>
<datafield tag="302" ind1=" " ind2=" ">
	<subfield code="3">14019209</subfield>
	<subfield code="a">Boulanger</subfield>
	<subfield code="m">Lili</subfield>
	<subfield code="d">1893-1918</subfield>
	<subfield code="t">[Au pied de mon lit]</subfield>
</datafield>
<datafield tag="302" ind1=" " ind2=" ">
	<subfield code="3">14725255</subfield>
	<subfield code="a">Boulanger</subfield>
	<subfield code="m">Lili</subfield>
	<subfield code="d">1893-1918</subfield>
	<subfield code="t">[Demain fera un an]</subfield>
</datafield>
<datafield tag="322" ind1="8" ind2=" ">
	<subfield code="3">11908557</subfield>
	<subfield code="9">100</subfield>
	<subfield code="w">.0..b.....</subfield>
	<subfield code="a">Jammes</subfield>
	<subfield code="m">Francis</subfield>
	<subfield code="d">1868-1938</subfield>
</datafield>
<datafield tag="600" ind1=" " ind2=" ">
	<subfield code="a">Cycle de 13 mélodies</subfield>
	<subfield code="a">Sur des poèmes de Francis Jammes</subfield>
	<subfield code="a">Dédicace à Gabriel Fauré</subfield>
	<subfield code="a">Dates de composition : 1913-1914</subfield>
	<subfield code="a">1re éd. : [Paris] : Ricordi, 1919</subfield>
</datafield>
<datafield tag="600" ind1=" " ind2=" ">
	<subfield code="a">Comprend : &quot;Elle était descendue au bas de la prairie&quot; (no 1) ; &quot;Elle est gravement gaie&quot; (no 2) ; &quot;Parfois, je suis triste&quot; (no 3) ; &quot;Un poète disait&quot; (no 4) ; &quot;Au pied de mon lit&quot; (no 5) ; &quot;Si tout ceci n&apos;est qu&apos;un pauvre rêve&quot; (no 6) ; &quot;Nous nous aimerons tant&quot; (no 7) ; &quot;Vous m&apos;avez regardé avec toute votre âme&quot; (no 8) ; &quot;Les lilas qui avaient fleuri&quot; (no 9) ; &quot;Deux ancolies&quot; (no 10) ; &quot;Par ce que j&apos;ai souffert&quot; (no 11) ; &quot;Je garde une médaille d&apos;elle&quot; (no 12) ; &quot;Demain fera un an&quot; (no 13)</subfield>
</datafield>
<datafield tag="600" ind1=" " ind2=" ">
	<subfield code="a">Il existe une version avec orchestre des no 1, 5-7, 10-13 (1915-1916)</subfield>
</datafield>
<datafield tag="610" ind1=" " ind2=" ">
	<subfield code="a">The life and works of Lili Boulanger / Léonie Rosenstiel ; [foreword by Nadia Boulanger], 1978</subfield>
</datafield>
<datafield tag="610" ind1=" " ind2=" ">
	<subfield code="a">Grove music online</subfield>
	<subfield code="u">http://www.oxfordmusiconline.com</subfield>
	<subfield code="d">2009-07-15</subfield>
</datafield>
<datafield tag="917" ind1=" " ind2=" ">
	<subfield code="o">OPD</subfield>
	<subfield code="a">100737340</subfield>
	<subfield code="b">ATUM</subfield>
</datafield>
<Alter Ori="13891732">
<datafield tag="400" ind1=" " ind2=" ">
	<subfield code="w">    b     </subfield>
	<subfield code="a">Boulanger</subfield>
	<subfield code="m">Marie-Juliette Olga</subfield>
	<subfield code="d">1893-1918</subfield>
</datafield>
</Alter>
<Attr Nom="IDPerenne">ark:/12148/cb148441930</Attr>
<Attr Nom="NumSource">OPD 100737340</Attr>
<Attr Nom="Source" Sens="BnF catalogue général (depuis 1999)">A</Attr>
<Attr Nom="NumAutoriteLiee">138917321401920514019207140192091472525511908557</Attr>
<Attr Nom="DateCreation">01/09/ 2004</Attr>
<Attr Nom="ResponsableCreation">MIGV3_FF</Attr>
<Attr Nom="StructCreation">1</Attr>
<Attr Nom="DateDerniereValidation">09/11/ 2010</Attr>
<Attr Nom="ResponsableDerniereValidation">MIGV4</Attr>
<Attr Nom="StructPremiereValidation">1</Attr>
<Attr Nom="DatePremiereValidation">01/09/ 2004</Attr>
<Attr Nom="ResponsablePremiereValidation">MIGV3_FF</Attr>
<Attr Nom="StructDerniereValidation">1</Attr>
</record>
